@article{vfc,
  title={Active contour external force using vector field convolution for image segmentation},
  author={Li, Bing and Acton, Scott T},
  journal={Image Processing, IEEE Transactions on},
  volume={16},
  number={8},
  pages={2096--2106},
  year={2007},
  publisher={IEEE}
}

@inproceedings{gvf,
  title={Gradient vector flow: A new external force for snakes},
  author={Xu, Chenyang and Prince, Jerry L},
  booktitle={Computer Vision and Pattern Recognition, 1997. Proceedings., 1997 IEEE Computer Society Conference on},
  pages={66--71},
  year={1997},
  organization={IEEE}
}

@article{kaas,
  title={Snakes: Active contour models},
  author={Kass, Michael and Witkin, Andrew and Terzopoulos, Demetri},
  journal={International journal of computer vision},
  volume={1},
  number={4},
  pages={321--331},
  year={1988},
  publisher={Kluwer Academic Publishers}
}

@inproceedings{tvfc,
  title={Tensor vector field based active contours},
  author={Kumar, Abhishek and Wong, Alexander and Mishra, Akshaya and Clausi, David A and Fieguth, Paul},
  booktitle={Image Processing (ICIP), 2011 18th IEEE International Conference on},
  pages={2833--2836},
  year={2011},
  organization={IEEE}
}

@INPROCEEDINGS{mtvfc, 
author={Kumar, A. and Wong, A. and Fieguth, P. and Clausi, D.A.}, 
booktitle={Image Processing (ICIP), 2012 19th IEEE International Conference on}, 
title={Multi-scale tensor vector field active contour}, 
year={2012}, 
month={Sept}, 
pages={2557-2560}, 
keywords={computer vision;convolution;image segmentation;tensors;MTVF;active contour;computer vision;image segmentation;multiscale tensor vector field;object boundary;tensor vector convolution;Active contours;Image segmentation;Kernel;Noise;Noise level;Tensile stress;Vectors;Active Contour;Multi-scale tensor vector field;Segmentation;Tensor Vector Field;multi-scale active contour}, 
doi={10.1109/ICIP.2012.6467420}, 
ISSN={1522-4880},}

@inproceedings{mvfc,
  title={External forces for active contours via multi-scale vector field convolution},
  author={Yang, Clare and Acton, Scott T},
  booktitle={Image Processing (ICIP), 2012 19th IEEE International Conference on},
  pages={2569--2572},
  year={2012},
  organization={IEEE}
}
